@misc{RennerWolfQuantumAdvantage2022,
    author = "Renner, Renato and Wolf, Ramona",
    title = "Quantum {{Advantage}} in {{Cryptography}}",
    year = "2022",
    howpublished = "https://arxiv.org/abs/2206.04078",
    timestamp = "2022-06-17T17:20:48Z",
}

@article{PortugalBasicQuantum2022,
    author = "Portugal, Renato",
    title = "Basic {{Quantum Algorithms}}",
    year = "2022",
    month = "February",
    journal = "arXiv:2201.10574 [quant-ph]",
    eprint = "2201.10574",
    eprinttype = "arxiv",
    primaryclass = "quant-ph",
    archiveprefix = "arXiv",
    keywords = "Computer Science - Computational Complexity,Quantum Physics",
    timestamp = "2022-05-18T16:59:40Z",
}

@article{KahrobaeiEtAlGroupbasedCryptography2022,
    author = "Kahrobaei, Delaram and Flores, Ram{\'o}n and Noce, Marialaura",
    title = "Group-Based {{Cryptography}} in the {{Quantum Era}}",
    year = "2022",
    month = "February",
    journal = "arXiv:2202.05917 [cs, math]",
    eprint = "2202.05917",
    eprinttype = "arxiv",
    primaryclass = "cs, math",
    archiveprefix = "arXiv",
    keywords = "Computer Science - Cryptography and Security,Mathematics - Group Theory",
    timestamp = "2022-05-18T16:59:45Z",
}

@inproceedings{paradisetalUnqompSynthesizing2021,
    author = "Paradis, Anouk and Bichsel, Benjamin and Steffen, Samuel and Vechev, Martin",
    title = "Unqomp: Synthesizing Uncomputation in {{Quantum}} Circuits",
    shorttitle = "Unqomp",
    booktitle = "Proceedings of the 42nd {{ACM SIGPLAN International Conference}} on {{Programming Language Design}} and {{Implementation}}",
    year = "2021",
    month = "June",
    pages = "222--236",
    publisher = "{ACM}",
    address = "{Virtual Canada}",
    doi = "10.1145/3453483.3454040",
    isbn = "978-1-4503-8391-2",
    langid = "english",
    keywords = "read",
    timestamp = "2021-12-09T20:44:09Z",
}

